<?xml version="1.0" encoding="UTF-8"?><collection><record><leader>06657ntm a2200697 a 4500</leader><controlfield tag="001">006819110</controlfield><controlfield tag="003">MiAaHDL</controlfield><controlfield tag="005">20190719000000.0</controlfield><controlfield tag="006">m        d        </controlfield><controlfield tag="007">cr bn ---auaua</controlfield><controlfield tag="008">090616s193u    xx            00| ||ara d</controlfield><datafield tag="035" ind1=" " ind2=" "><subfield code="a">(MiU)006819110</subfield></datafield><datafield tag="035" ind1=" " ind2=" "><subfield code="a">sdr-miu006819110</subfield></datafield><datafield tag="040" ind1=" " ind2=" "><subfield code="a">MiU</subfield><subfield code="c">MiU</subfield><subfield code="e">amremm</subfield></datafield><datafield tag="043" ind1=" " ind2=" "><subfield code="a">n-us-mi</subfield></datafield><datafield tag="130" ind1="0" ind2=" "><subfield code="6">880-01</subfield><subfield code="a">Kitāb Uthūlūjiyā Arisṭāṭālis.</subfield></datafield><datafield tag="245" ind1="1" ind2="0"><subfield code="6">880-02</subfield><subfield code="a">Thuyūlūjiyā Arīsṭū ay Fann al-tawḥīd al-ṣarīḥ min al-ʻilm al-ilāhī,</subfield><subfield code="f">[193-?].</subfield></datafield><datafield tag="246" ind1="3" ind2="8"><subfield code="a">ثيولوجيا اريسطو</subfield></datafield><datafield tag="246" ind1="3" ind2=" "><subfield code="6">880-05</subfield><subfield code="i">Title from section heading on p.121:</subfield><subfield code="a">اثولوجيا</subfield></datafield><datafield tag="246" ind1="3" ind2=" "><subfield code="6">880-04</subfield><subfield code="i">Title from section headings (p.21, 37, etc.):</subfield><subfield code="a">ثيولوجيا اريسطو</subfield></datafield><datafield tag="246" ind1="3" ind2=" "><subfield code="6">880-03</subfield><subfield code="i">Title from heading at opening of the muqaddimah on p.22:</subfield><subfield code="a">هذا كتاب اثولوجيا في الفن الربوبي من فنون ما بعد الطبيعة</subfield></datafield><datafield tag="260" ind1=" " ind2=" "><subfield code="c">[193-?].</subfield></datafield><datafield tag="300" ind1=" " ind2=" "><subfield code="a">117 leaves :</subfield><subfield code="b">paper ;</subfield><subfield code="c">257-300 x 165-225 mm. bound to 312 x 230 mm.</subfield></datafield><datafield tag="500" ind1=" " ind2=" "><subfield code="a">Shelfmark: Ann Arbor, University of Michigan, Special Collections Library, Isl. Ms. 910</subfield></datafield><datafield tag="500" ind1=" " ind2=" "><subfield code="a">Origin: Lacks dated colophon ; likely copied in Egypt in the late 1930s and eventually bound for James Heyworth-Dunne (d.1974). As appears in 'title page' inscriptions on p.89 and p.121, the copyist has identified himself as "ا ع" as did the copyist in Isl. Ms. 937 (executed in 1934) and in Isl. Ms. 905 (executed in 1939), and still other manuscripts eventually bound for Heyworth-Dunne, see Isl. Mss. 937, Isl. Ms. 981, Isl. Ms. 988, Isl. Ms. 998 and likely Isl. Ms. 929.</subfield></datafield><datafield tag="500" ind1=" " ind2=" "><subfield code="a">Former shelfmark: Mich. Isl. Ms. temp. no. 59</subfield></datafield><datafield tag="500" ind1=" " ind2=" "><subfield code="a">Binding: Boards covered in dark green cloth with dark green leather over spine (quarter binding) ; pastedowns and flyleaves in wove paper printed with a floral vegetal pattern in green ; spine gold-stamped with title and decorative accents over raised bands "ثيولوجيا اريسطو | J.H.D." ; sewing difficult to examine ; stuck-on endbands (blue and white stripe) ; overall in fairly good condition.</subfield></datafield><datafield tag="500" ind1=" " ind2=" "><subfield code="a">Support: Wove paper in at least three types and four different sizes (dimensions of the page roughly 287 x 205, 257 x 165, 300 x 225, 300 x 200 mm. as trimmed), unlined and lined.</subfield></datafield><datafield tag="500" ind1=" " ind2=" "><subfield code="a">Decoration: Some section headings, passages of text, glosses and abbreviation symbols (mainly signes de renvoi) rubricated ; some overlining in red.</subfield></datafield><datafield tag="500" ind1=" " ind2=" "><subfield code="a">Script: Ruqʻah and naskh ; ruqʻah in a quick, compact hand in a medium line, serifless and freely ligatured with mainly closed counters, slight effect of words descending to baseline and inclination to the left, pointing somewhat careless and in strokes rather than distinct dots ; final section (repeating the muqaddimah and maymar 1-4) in naskh, a clear, modern hand, partially but irregularly seriffed with right-sloping head-serif on odd lām, ṭāʼ, etc. and rounded with curvilinear descenders, freely ligatured, pointing in strokes rather than distinct dots, final yāʼ usually unpointed.</subfield></datafield><datafield tag="500" ind1=" " ind2=" "><subfield code="a">Layout: Written in 14-22 lines per page.</subfield></datafield><datafield tag="500" ind1=" " ind2=" "><subfield code="a">Collation: Internal pagination for some sections in black ink, Hindu-Arabic numerals ; leaves between sections left blank or partially blank (to serve as title pages, see pp.1, 21, 37, 61, 89, 121, 153, 181, 224) ; pagination in pencil, Western numerals, supplied during digitization (includes back flyleaf).</subfield></datafield><datafield tag="500" ind1=" " ind2=" "><subfield code="a">Explicit: "وان كان حسنا لم يعمل الا حسنا فان كان هذا على ما وصفنا وكانت الطبيعة"</subfield></datafield><datafield tag="500" ind1=" " ind2=" "><subfield code="a">Incipit: "واما افلاطن الشريف الالهي فان قد وصف النفس فقال فيها اشياء كثيرة ... الميمر الثاني من كتاب اثولوجيا ... هذا كتاب اثولوجيا للفاضل المقدم اريسطو في الفن الربوبي من فنون ما بعد الطبيعة مقدمة جدير بكل ساع لمعرفة الغاية التي هو عائد اليها سعيا منبعثا ..."</subfield></datafield><datafield tag="500" ind1=" " ind2=" "><subfield code="a">Title from opening 'title page' inscription on p.1.</subfield></datafield><datafield tag="500" ind1=" " ind2=" "><subfield code="a">Ms. codex.</subfield></datafield><datafield tag="510" ind1="4" ind2=" "><subfield code="a">D’Ancona, C. "Aristotle and Aristotelianism." In EI3,</subfield><subfield code="c">accessed via Brill online.</subfield></datafield><datafield tag="520" ind1="8" ind2=" "><subfield code="a">Careful copy of the Theology of Aristotle or Theologia Aristotelis, a work attributed to Aristotle but recognized to be an adapted translation of Plotinus' Enneades, IV-VI (collected and arranged by Porphyry). The text is arranged in eight sections not in consecutive order, opening with al-maymar al-thānī and closing with a reiteration of the muqaddimah and maymars 1-4 (see pp.181-222) followed by a fihrist (see pp.224-233).</subfield></datafield><datafield tag="538" ind1=" " ind2=" "><subfield code="a">Mode of access: Internet.</subfield></datafield><datafield tag="541" ind1=" " ind2=" "><subfield code="a">Acquired in the Fall of 1950.</subfield></datafield><datafield tag="546" ind1=" " ind2=" "><subfield code="a">Arabic.</subfield></datafield><datafield tag="561" ind1=" " ind2=" "><subfield code="a">On upper pastedown label with ex libris of James Heyworth-Dunne (d.1974), stamped with inventory number, "Ex Libris | J. Heyworth-Dunne | D. Lit. (London) | No 7954" ; UM Library inscription on p.3 "Dunning | Heyworth-Dunne | 6-13-51 | 71955" ; possible former inventory mark in pencil on verso of final leaf of index (فهرست) p.234 "231 / 53" ; marginal glosses (many with signes de renvoi).</subfield></datafield><datafield tag="600" ind1="0" ind2="0"><subfield code="a">Aristotle</subfield><subfield code="v">Spurious and doubtful works.</subfield></datafield><datafield tag="650" ind1=" " ind2="0"><subfield code="a">Manuscripts, Arabic</subfield><subfield code="z">Michigan</subfield><subfield code="z">Ann Arbor.</subfield></datafield><datafield tag="650" ind1=" " ind2="0"><subfield code="a">Islamic philosophy</subfield><subfield code="v">Early works to 1800.</subfield></datafield><datafield tag="650" ind1=" " ind2="0"><subfield code="a">Neoplatonism</subfield><subfield code="v">Early works to 1800.</subfield></datafield><datafield tag="650" ind1=" " ind2="0"><subfield code="a">Cosmology</subfield><subfield code="v">Early works to 1800.</subfield></datafield><datafield tag="650" ind1=" " ind2="0"><subfield code="a">Philosophy, Ancient</subfield><subfield code="v">Translations into Arabic</subfield><subfield code="v">Early works to 1800.</subfield></datafield><datafield tag="700" ind1="1" ind2=" "><subfield code="a">Heyworth-Dunne, J.</subfield><subfield code="q">(James),</subfield><subfield code="e">former owner.</subfield></datafield><datafield tag="700" ind1="0" ind2=" "><subfield code="6">880-05</subfield><subfield code="a">Kindī,</subfield><subfield code="d">-approximately 873.</subfield></datafield><datafield tag="700" ind1="1" ind2=" "><subfield code="6">880-04</subfield><subfield code="a">Ibn Nāʻimah, ʻAbd al-Masīḥ ibn ʻAbd Allāh,</subfield><subfield code="d">active 9th century.</subfield></datafield><datafield tag="700" ind1="0" ind2=" "><subfield code="a">Porphyry,</subfield><subfield code="d">approximately 234-approximately 305.</subfield></datafield><datafield tag="700" ind1="0" ind2="2"><subfield code="a">Plotinus.</subfield><subfield code="t">Enneads.</subfield><subfield code="n">IV-VI.</subfield><subfield code="k">Paraphrase.</subfield><subfield code="l">Arabic.</subfield></datafield><datafield tag="773" ind1="0" ind2=" "><subfield code="a">Heyworth-Dunne Collection.</subfield></datafield><datafield tag="880" ind1="0" ind2=" "><subfield code="6">700-05/</subfield><subfield code="a">كندي.</subfield></datafield><datafield tag="880" ind1="1" ind2=" "><subfield code="6">700-04/</subfield><subfield code="a">ابن ناعمة, عبد المسيح بن عبد الله.</subfield></datafield><datafield tag="880" ind1="3" ind2=" "><subfield code="6">246-05/</subfield><subfield code="a">Uthūlūjiyā</subfield></datafield><datafield tag="880" ind1="3" ind2=" "><subfield code="6">246-04/</subfield><subfield code="a">Thuyūlūjiyā Arīsṭū</subfield></datafield><datafield tag="880" ind1="3" ind2=" "><subfield code="6">246-03/</subfield><subfield code="a">Hādhā Kitāb Uthūlūjiyā fī al-fann al-rubūbī min funūn Mā baʻda al-ṭabīʻah</subfield></datafield><datafield tag="880" ind1="1" ind2="0"><subfield code="6">245-02/</subfield><subfield code="a">ثيولوجيا اريسطو اي فن التوحيد الصريح من العلم الالهي,</subfield><subfield code="f">[193-م؟].</subfield></datafield><datafield tag="880" ind1="0" ind2=" "><subfield code="6">130-01/</subfield><subfield code="a">كتاب اثولوجيا ارسطاطالس.</subfield></datafield><datafield tag="CID" ind1=" " ind2=" "><subfield code="a">006819110</subfield></datafield><datafield tag="DAT" ind1="0" ind2=" "><subfield code="a">20190719102639.0</subfield><subfield code="b">20190719000000.0</subfield></datafield><datafield tag="DAT" ind1="1" ind2=" "><subfield code="a">20190719090653.0</subfield><subfield code="b">2019-07-19T16:12:07Z</subfield></datafield><datafield tag="DAT" ind1="2" ind2=" "><subfield code="a">2015-10-02T18:00:03Z</subfield></datafield><datafield tag="CAT" ind1=" " ind2=" "><subfield code="a">SDR-MIU</subfield><subfield code="d">EX LIBRIS - ALEPH</subfield><subfield code="l">prepare.pl-004-008</subfield></datafield><datafield tag="FMT" ind1=" " ind2=" "><subfield code="a">BK</subfield></datafield><datafield tag="HOL" ind1=" " ind2=" "><subfield code="0">sdr-miu006819110</subfield><subfield code="a">MiU</subfield><subfield code="b">SDR</subfield><subfield code="c">MIU</subfield><subfield code="p">mdp.39015079130251</subfield><subfield code="s">MIU</subfield><subfield code="1">006819110</subfield></datafield><datafield tag="974" ind1=" " ind2=" "><subfield code="b">MIU</subfield><subfield code="c">MIU</subfield><subfield code="d">20190719</subfield><subfield code="s">lit-dlps-dc</subfield><subfield code="u">mdp.39015079130251</subfield><subfield code="y">1939</subfield><subfield code="r">ic-world</subfield><subfield code="q">man</subfield></datafield></record></collection>